@book{Burns2014,
author = {Burns, John A.},
file = {:C$\backslash$:/UFS/PIBIC - TRATAMENTO CANCER/Livros/The Calculus of Variations and Control - John Burns.pdf:pdf},
isbn = {9781466571396},
title = {{with Modern Applications The Calculus of Variations and Control}},
url = {http://www.crcpress.com/product/isbn/9781466571396},
year = {2014}
}
@book{Kot2014,
author = {Kot, Mark},
doi = {10.1090/stml/072},
file = {:C$\backslash$:/UFS/PIBIC - TRATAMENTO CANCER/Livros/(Student Mathematical Library 072) Mark Kot-A first course in the calculus of variations-American Mathematical Society (2014).pdf:pdf},
isbn = {9781470414955},
pages = {311},
title = {{A First Course in the Calculus of Variations}},
volume = {72},
year = {2014}
}
@book{Liberzon2012,
author = {Liberzon, Daniel},
file = {:C$\backslash$:/UFS/PIBIC - TRATAMENTO CANCER/Livros/Daniel{\_}Liberzon{\_}Calculus{\_}of{\_}Variations{\_}and{\_}Optimal{\_}Control{\_}Theory{\_}A{\_}Concise{\_}Introduction.pdf:pdf},
isbn = {978-0691151878},
pages = {55--56},
title = {{Calculus of variations and optimal control theory}},
year = {2012}
}
@book{Schaettler2014,
author = {Schaettler, Heinz and Ledzewicz, Urszula},
doi = {10.1007/978-1-4939-2972-6},
file = {:C$\backslash$:/UFS/PIBIC - TRATAMENTO CANCER/Livros/Heinz Schattler{\_} Urszula Ledzewicz (auth.)-Optimal Control for Mathematical Models of Cancer Therapies{\_} An Application of Geometric Methods.pdf:pdf},
isbn = {9781493929719},
title = {{Optimal Control Problems for Mathematical Models of Cancer Treatments}},
year = {2014}
}
@mastersthesis{Tanisia2008,
  author       = {Tanisia de Carli Foletto}, 
  title        = {Aplicação de controle contínuo por partes para um modelo de crescimento de tumores de mama com tratamento por radioterapia},
  school       = {Universidade Regional do Noroeste do Estado do Rio Grande do Sul},
  year         = 2008
}