Automatically generated by Mendeley Desktop 1.19.1
Any changes to this file will be lost if it is regenerated by Mendeley.

BibTeX export options can be customized via Options -> BibTeX in Mendeley Desktop

@book{Burns2014,
author = {Burns, John A.},
file = {:C$\backslash$:/Users/vdscruz/AppData/Local/Mendeley Ltd./Mendeley Desktop/Downloaded/Burns - 2014 - with Modern Applications The Calculus of Variations and Control.pdf:pdf},
isbn = {9781466571396},
title = {{with Modern Applications The Calculus of Variations and Control}},
url = {http://www.crcpress.com/product/isbn/9781466571396},
year = {2014}
}
@book{Kot2014,
address = {Providence, Rhode Island},
author = {Kot, Mark},
doi = {10.1090/stml/072},
file = {:C$\backslash$:/Users/vdscruz/AppData/Local/Mendeley Ltd./Mendeley Desktop/Downloaded/Kot - 2014 - A First Course in the Calculus of Variations.pdf:pdf},
isbn = {9781470414955},
month = {oct},
pages = {311},
publisher = {American Mathematical Society},
series = {The Student Mathematical Library},
title = {{A First Course in the Calculus of Variations}},
url = {http://www.ams.org/stml/072},
volume = {72},
year = {2014}
}
@book{Schaettler2014,
author = {Schaettler, Heinz and Ledzewicz, Urszula},
doi = {10.1007/978-1-4939-2972-6},
file = {:C$\backslash$:/Users/vdscruz/AppData/Local/Mendeley Ltd./Mendeley Desktop/Downloaded/Schaettler, Ledzewicz - 2014 - Optimal Control Problems for Mathematical Models of Cancer Treatments.pdf:pdf},
isbn = {9781493929719},
title = {{Optimal Control Problems for Mathematical Models of Cancer Treatments}},
year = {2014}
}
@book{Liberzon2012,
author = {Liberzon, Daniel},
file = {:C$\backslash$:/Users/vdscruz/AppData/Local/Mendeley Ltd./Mendeley Desktop/Downloaded/Liberzon - 2012 - Calculus of variations and optimal control theory.pdf:pdf},
isbn = {978-0691151878},
pages = {55--56},
title = {{Calculus of variations and optimal control theory}},
year = {2012}
}
